<record><leader>00000cas a22000007a 4500</leader><controlfield tag="001">19018503</controlfield><controlfield tag="008">890113d19201922paudn ne      0    0eng d</controlfield><datafield ind1=" " ind2=" " tag="010"><subfield code="a">sn 89077016 </subfield></datafield><datafield ind1=" " ind2=" " tag="040"><subfield code="a">NPH</subfield><subfield code="b">eng</subfield><subfield code="c">NPH</subfield><subfield code="d">OCLCQ</subfield></datafield><datafield ind1=" " ind2=" " tag="042"><subfield code="a">msc</subfield></datafield><datafield ind1="0" ind2="4" tag="245"><subfield code="a">The Erie daily herald.</subfield></datafield><datafield ind1=" " ind2=" " tag="260"><subfield code="a">Erie, Pa. :</subfield><subfield code="b">Record Pub. Co.,</subfield><subfield code="c">-1922.</subfield></datafield><datafield ind1=" " ind2=" " tag="300"><subfield code="a">v. :</subfield><subfield code="b">ill.</subfield></datafield><datafield ind1=" " ind2=" " tag="310"><subfield code="a">Daily (except Sun.)</subfield></datafield><datafield ind1="1" ind2=" " tag="362"><subfield code="a">Began in 1920.</subfield></datafield><datafield ind1="0" ind2=" " tag="362"><subfield code="a">-whole no. 14,221 (Jan. 21, 1922).</subfield></datafield><datafield ind1=" " ind2=" " tag="588"><subfield code="a">Description based on: Whole no. 13,864 (Nov. 18, 1920).</subfield></datafield><datafield ind1=" " ind2=" " tag="752"><subfield code="a">United States</subfield><subfield code="b">Pennsylvania</subfield><subfield code="c">Erie</subfield><subfield code="d">Erie.</subfield></datafield><datafield ind1="0" ind2="0" tag="780"><subfield code="t">Erie evening herald</subfield><subfield code="w">(DLC)sn 85038418</subfield></datafield><datafield ind1="0" ind2="7" tag="785"><subfield code="t">Erie dispatch (Erie, Pa. : 1902 : Daily)</subfield><subfield code="w">(DLC)sn 87078407</subfield></datafield><datafield ind1="0" ind2="7" tag="785"><subfield code="t">Dispatch-herald (Erie, Pa.)</subfield><subfield code="w">(DLC)sn 86081015</subfield></datafield><datafield ind1="1" ind2=" " tag="029"><subfield code="a">AU@</subfield><subfield code="b">000023089644</subfield></datafield></record>